@article{degni2024sex,
  title = {Sex differences in motivational biases over instrumental actions},
  author = {Luigi A. E. Degni and Sara Garofalo and Gianluca Finotti and Francesca Starita and Trevor W. Robbins and Giuseppe di Pellegrino},
  journal = {npj Science of Learning},
  year = {2024},
  volume = {9},
  number = {62},
  url = {https://www.nature.com/articles/s41539-024-00246-6},
  doi = {10.1038/s41539-024-00246-6}
}
